<record><leader>00000cas a2200000 a 4500</leader><controlfield tag="001">25756707</controlfield><controlfield tag="008">920504d18911uuuiludn ne      0    0eng c</controlfield><datafield ind1=" " ind2=" " tag="010"><subfield code="a">sn 92053185 </subfield></datafield><datafield ind1=" " ind2=" " tag="040"><subfield code="a">NVF</subfield><subfield code="b">eng</subfield><subfield code="c">NVF</subfield><subfield code="d">OCLCQ</subfield><subfield code="d">NVF</subfield><subfield code="d">OCLCQ</subfield><subfield code="d">OCLCF</subfield><subfield code="d">OCLCO</subfield></datafield><datafield ind1="1" ind2=" " tag="029"><subfield code="a">AU@</subfield><subfield code="b">000020742700</subfield></datafield><datafield ind1=" " ind2=" " tag="042"><subfield code="a">pcc</subfield></datafield><datafield ind1=" " ind2=" " tag="043"><subfield code="a">n-us-il</subfield></datafield><datafield ind1="0" ind2="4" tag="245"><subfield code="a">The Twin City journal.</subfield></datafield><datafield ind1=" " ind2=" " tag="260"><subfield code="a">La Salle, Ill. :</subfield><subfield code="b">Lester A. Rose &amp; Co.,</subfield><subfield code="c">1891-</subfield></datafield><datafield ind1=" " ind2=" " tag="300"><subfield code="a">v.</subfield></datafield><datafield ind1=" " ind2=" " tag="310"><subfield code="a">Daily (except Sunday)</subfield></datafield><datafield ind1=" " ind2=" " tag="500"><subfield code="a">Also published in Peru, Ill.</subfield></datafield><datafield ind1=" " ind2=" " tag="580"><subfield code="a">Weekly eds.: Ottawa journal (Ottawa, Ill. : Weekly), 1891-1892, and: La Salle County journal, 1892-&lt;1894&gt;</subfield></datafield><datafield ind1=" " ind2=" " tag="588"><subfield code="a">Description based on: 12th year, no. 3,934 (Oct. 26, 1891).</subfield></datafield><datafield ind1=" " ind2="0" tag="651"><subfield code="a">La Salle (Ill.)</subfield><subfield code="v">Newspapers.</subfield></datafield><datafield ind1=" " ind2="0" tag="651"><subfield code="a">Peru (Ill.)</subfield><subfield code="v">Newspapers.</subfield></datafield><datafield ind1=" " ind2="7" tag="655"><subfield code="a">Newspapers.</subfield><subfield code="2">fast</subfield><subfield code="0">(OCoLC)fst01423814</subfield></datafield><datafield ind1=" " ind2="7" tag="651"><subfield code="a">Illinois</subfield><subfield code="z">La Salle.</subfield><subfield code="2">fast</subfield><subfield code="0">(OCoLC)fst01219508</subfield></datafield><datafield ind1=" " ind2="7" tag="651"><subfield code="a">Illinois</subfield><subfield code="z">Peru.</subfield><subfield code="2">fast</subfield><subfield code="0">(OCoLC)fst01219161</subfield></datafield><datafield ind1=" " ind2=" " tag="752"><subfield code="a">United States</subfield><subfield code="b">Illinois</subfield><subfield code="c">La Salle</subfield><subfield code="d">La Salle.</subfield></datafield><datafield ind1=" " ind2=" " tag="752"><subfield code="a">United States</subfield><subfield code="b">Illinois</subfield><subfield code="c">La Salle</subfield><subfield code="d">Peru.</subfield></datafield><datafield ind1="0" ind2=" " tag="775"><subfield code="t">Ottawa daily journal</subfield><subfield code="w">(DLC)sn 87056735</subfield><subfield code="w">(OCoLC)17165887</subfield></datafield><datafield ind1="1" ind2=" " tag="775"><subfield code="t">Ottawa journal (Ottawa, Ill. : Weekly)</subfield><subfield code="w">(DLC)sn 92053189</subfield><subfield code="w">(OCoLC)25756513</subfield></datafield><datafield ind1="1" ind2=" " tag="775"><subfield code="t">Salle County journal</subfield><subfield code="w">(DLC)sn 92053190</subfield><subfield code="w">(OCoLC)25756824</subfield></datafield><datafield ind1="0" ind2="0" tag="780"><subfield code="t">Twin City daily journal</subfield><subfield code="w">(DLC)sn 92053184</subfield><subfield code="w">(OCoLC)25756624</subfield></datafield></record>